@INBOOK{Skoda2019,
       author = {{{\v{S}}koda}, Petr and {Shakurova}, Ksenia and {Koza}, Jakub and
         {Pali{\v{c}}ka}, Andrej},
        title = "{Identification of Artifacts and Interesting Celestial Objects in the LAMOST Spectral Survey}",
    booktitle = {Astronomical Data Analysis Software and Systems XXVI},
         year = 2019,
       editor = {{Molinaro}, Marco and {Shortridge}, Keith and {Pasian}, Fabio},
       volume = {521},
       series = {Astronomical Society of the Pacific Conference Series},
        pages = {402},
       adsurl = {https://ui.adsabs.harvard.edu/abs/2019ASPC..521..402S},
      adsnote = {Provided by the SAO/NASA Astrophysics Data System}
}
@INBOOK{Zhang2008,
       author = {{Zhang}, Yanxia and {Zheng}, Hongwen and {Zhao}, Yongheng},
        title = "{Knowledge discovery in astronomical data}",
    booktitle = {Advanced Software and Control for Astronomy II. Edited by Bridger, Alan; Radziwill, Nicole M. Proceedings of the SPIE, Volume 7019, article id. 701938, 8 pp. (2008).},
         year = "2008",
       volume = {7019},
       series = {Society of Photo-Optical Instrumentation Engineers (SPIE) Conference Series},
          eid = {701938},
        pages = {701938},
          doi = {10.1117/12.788417},
       adsurl = {https://ui.adsabs.harvard.edu/abs/2008SPIE.7019E..38Z},
      adsnote = {Provided by the SAO/NASA Astrophysics Data System}
}
@INBOOK{Weijmans2016,
       author = {{Weijmans}, A. -M. and {MaNGA Team}},
        title = "{MaNGA: Mapping Nearby Galaxies at Apache Point Observatory}",
     keywords = {Astrophysics - Astrophysics of Galaxies},
    booktitle = {Multi-Object Spectroscopy in the Next Decade: Big Questions, Large Surveys, and Wide Fields. Proceedings of a conference held at Teatro Circo de Marte, Santa Cruz de La Palma, Canary Islands, Spain on 2-6 March 2015. Edited by Ian Skillen, Marc Balcells, and Scott Trager.  ASP Conference Series, Vol. 507.  San Francisco: Astronomical Society of the Pacific, 2016, p.257},
         year = "2016",
       editor = {{Skillen}, I. and {Balcells}, M. and {Trager}, S.},
       volume = {507},
       series = {Astronomical Society of the Pacific Conference Series},
        pages = {257},
       adsurl = {https://ui.adsabs.harvard.edu/abs/2016ASPC..507..257W},
      adsnote = {Provided by the SAO/NASA Astrophysics Data System}
}
@INBOOK{Skoda2019,
       author = {{{\v{S}}koda}, Petr and {Shakurova}, Ksenia and {Koza}, Jakub and
         {Pali{\v{c}}ka}, Andrej},
        title = "{Identification of Artifacts and Interesting Celestial Objects in the LAMOST Spectral Survey}",
    booktitle = {Astronomical Data Analysis Software and Systems XXVI ASP Conference Series, Vol. 521, proceedings of a conference held (16-20 October 2016) at Stazione Marittima Conference Centre, Trieste, Italy. Edited by Marco Molinaro, Keith Shortridge, and Fabio Pasian. San Francisco: Astronomical Society of the Pacific, 2019, p.402},
         year = "2019",
       editor = {{Molinaro}, Marco and {Shortridge}, Keith and {Pasian}, Fabio},
       volume = {521},
       series = {Astronomical Society of the Pacific Conference Series},
        pages = {402},
       adsurl = {https://ui.adsabs.harvard.edu/abs/2019ASPC..521..402S},
      adsnote = {Provided by the SAO/NASA Astrophysics Data System}
}
