@INPROCEEDINGS{LiuFT2008,
       author = {{Liu}, Fei Tony and {Ting}, Kai Ming and {Zhou}, Zhi-Hua},
        title = "{Isolation Forest}",
    booktitle = { 2008 Eighth IEEE International Conference on Data Mining, Pisa, 2008},
         year = "2008",
       volume = {8},
        pages = {9}
}
@INPROCEEDINGS{Rotman2019,
       author = {{Rotman}, Michael and {Reis}, Itamar and {Poznanski}, Dovi and {Wolf}, Lior },
        title = "{Detect the Unexpected: Novelty Detection in Large Astrophysical Surveys using Fisher Vectors}",
    booktitle = {Proceedings of the 11th International Joint Conference on Knowledge Discovery, Knowledge Engineering and Knowledge Management (IC3K 2019)},
         year = "2019",
       volume = {11},
        pages = {11}
}
@INPROCEEDINGS{Moravec2019,
       author = {{Moravec}, Emily and {Alpasian}, Mehmet and {Amon}, Alexandra and
         {Armentrout}, Will and {Arney}, Giada and {Barron}, Darcy and
         {Bellm}, Eric and {Bender}, Amy and {Bridge}, Joanna and
         {Colon}, Knicole and {Czekala}, Ian and {Datta}, Rahul and
         {DeRoo}, Casey and {Feng}, Wanda and {Florian}, Michael and
         {Follette}, Katherine and {Gabriel}, Travis and {Hall}, Kirsten and
         {Hamden}, Erika and {Hathi}, Nimish and {Hawkins}, Keith and
         {Hoadley}, Keri and {Jensen-Clem}, Rebecca and {Kao}, Melodie and
         {Kara}, Erin and {Karkare}, Kirit and {Kiessling}, Alina and
         {Kimball}, Amy and {Kirkpatrick}, Allison and {La Plante}, Paul and
         {Leisenring}, Jarron and {Li}, Miao and {Lomax}, Jamie and
         {Lund}, Mike and {McCleary}, Jacqueline and {Mills}, Elisabeth and
         {Montiel}, Edward and {Nelson}, Nicholas and {Nevin}, Rebecca and
         {Norris}, Ryan and {Ntampaka}, Michelle and {O'Donnell}, Christine and
         {Peretz}, Eliad and {Plazas Malagon}, Andres and
         {Prescod-Weinstein}, Chanda and {Pullen}, Anthony and {Rice}, Jared and
         {Roettenbacher}, Rachael and {Sanderson}, Robyn and {Simon}, Joseph and
         {Smith}, Krista Lynne and {Stevenson}, Kevin and {Veach}, Todd and
         {Wetzel}, Andrew and {Youngblood}, Allison},
        title = "{The Early Career Perspective on the Coming Decade, Astrophysics Career Paths, and the Decadal Survey Process}",
     keywords = {Astrophysics - Instrumentation and Methods for Astrophysics},
    booktitle = {\baas},
         year = "2019",
       volume = {51},
        month = "Sep",
          eid = {8},
        pages = {8},
archivePrefix = {arXiv},
       eprint = {1907.01676},
 primaryClass = {astro-ph.IM},
       adsurl = {https://ui.adsabs.harvard.edu/abs/2019BAAS...51g...8M},
      adsnote = {Provided by the SAO/NASA Astrophysics Data System}
}

