@online{LSSTweb,
  author = {{LSST collaboration}},
  title = {About LSST},
  year = 2019,
  url = {https://www.lsst.org/about},
  urldate = {2019-12-02}
}
@online{Sriram,
  author = {Parthasarathy, Sriram},
  title = {Machine Learning vs. Traditional Programming},
  year = 2019,
  url = {https://www.logianalytics.com/predictive-analytics/machine-learning-vs-traditional-programming/},
  urldate = {2019-12-02}
}
@online{Philip2019,
  author = {Diamond, Philip},
  title = {The Square Kilometre Array: A Physics Machine for the 21st Century},
  year = 2019,
  url = {https://www.spie.org/news/as14_diamond?SSO=1},
  urldate = {2019-12-16}
}
@online{SKAweb,
  author = {{SKA collaboration}},
  title = {The Square Kilometre Array:Facts and figures},
  year = 2019,
  url = {http://www.skatelescope.org/about/facts-figures/},
  urldate = {2019-12-16}
}
@online{SDSSweb,
  author = {{SDSS collaboration}},
  title = {The Sloan Digital Sky Survey: Mapping the Universe},
  year = 2019,
  url = {https://www.sdss.org/},
  urldate = {2019-12-16}
}

